<?xml version="1.0" encoding="UTF-8"?>
<ting:container xmlns:ting="http://www.dbc.dk/ting" xmlns:dkabm="http://biblstandard.dk/abm/namespace/dkabm/" xmlns:ac="http://biblstandard.dk/ac/namespace/" xmlns:dkdcplus="http://biblstandard.dk/abm/namespace/dkdcplus/" xmlns:oss="http://oss.dbc.dk/ns/osstypes" xmlns:dc="http://purl.org/dc/elements/1.1/" xmlns:dcterms="http://purl.org/dc/terms/" xmlns:xsi="http://www.w3.org/2001/XMLSchema-instance" xmlns:docbook="http://docbook.org/ns/docbook"><dkabm:record><ac:identifier>88761693|870971</ac:identifier><ac:source>Anmeldelser</ac:source><dc:title>Anmeldelse</dc:title><dc:title xsi:type="dkdcplus:full">Anmeldelse</dc:title><dc:creator>Kim Skotte</dc:creator><dc:creator xsi:type="oss:sort">Skotte, Kim</dc:creator><dcterms:audience>voksenmaterialer</dcterms:audience><dc:date>2005</dc:date><dc:type xsi:type="dkdcplus:BibDK-Type">Anmeldelse</dc:type><dcterms:extent>Sektion 4, s. 11</dcterms:extent><dc:language xsi:type="dcterms:ISO639-2">dan</dc:language><dc:language>Dansk</dc:language><dcterms:isPartOf>Politiken, 2005-12-31</dcterms:isPartOf><dcterms:isPartOf xsi:type="dkdcplus:ISSN">0907-1814</dcterms:isPartOf></dkabm:record><marcx:collection xmlns:marcx="info:lc/xmlns/marcxchange-v1"><marcx:record format="danMARC2" type="Bibliographic"><marcx:leader>00000n    2200000   4500</marcx:leader><marcx:datafield tag="001" ind1="0" ind2="0"><marcx:subfield code="a">88761693</marcx:subfield><marcx:subfield code="b">870971</marcx:subfield><marcx:subfield code="c">20060102112645</marcx:subfield><marcx:subfield code="d">20060102</marcx:subfield><marcx:subfield code="f">a</marcx:subfield></marcx:datafield><marcx:datafield tag="004" ind1="0" ind2="0"><marcx:subfield code="r">n</marcx:subfield><marcx:subfield code="a">i</marcx:subfield></marcx:datafield><marcx:datafield tag="008" ind1="0" ind2="0"><marcx:subfield code="t">a</marcx:subfield><marcx:subfield code="u">f</marcx:subfield><marcx:subfield code="a">2005</marcx:subfield><marcx:subfield code="b">dk</marcx:subfield><marcx:subfield code="d">s</marcx:subfield><marcx:subfield code="l">dan</marcx:subfield><marcx:subfield code="r">an</marcx:subfield><marcx:subfield code="v">0</marcx:subfield></marcx:datafield><marcx:datafield tag="009" ind1="0" ind2="0"><marcx:subfield code="a">a</marcx:subfield><marcx:subfield code="g">xx</marcx:subfield></marcx:datafield><marcx:datafield tag="014" ind1="0" ind2="0"><marcx:subfield code="a">25873262</marcx:subfield><marcx:subfield code="x">ANM</marcx:subfield></marcx:datafield><marcx:datafield tag="016" ind1="0" ind2="0"><marcx:subfield code="a">03243850</marcx:subfield></marcx:datafield><marcx:datafield tag="032" ind1="0" ind2="0"><marcx:subfield code="a">ANU200602</marcx:subfield><marcx:subfield code="a">DAN200602</marcx:subfield></marcx:datafield><marcx:datafield tag="245" ind1="0" ind2="0"><marcx:subfield code="a">[Anmeldelse]</marcx:subfield></marcx:datafield><marcx:datafield tag="300" ind1="0" ind2="0"><marcx:subfield code="a">Sektion 4, s. 11</marcx:subfield></marcx:datafield><marcx:datafield tag="557" ind1="0" ind2="0"><marcx:subfield code="a">Politiken</marcx:subfield><marcx:subfield code="j">2005</marcx:subfield><marcx:subfield code="z">0907-1814</marcx:subfield><marcx:subfield code="V">2005-12-31</marcx:subfield><marcx:subfield code="v">2005-12-31</marcx:subfield></marcx:datafield><marcx:datafield tag="700" ind1="0" ind2="0"><marcx:subfield code="&amp;">ANM</marcx:subfield><marcx:subfield code="a">Skotte</marcx:subfield><marcx:subfield code="h">Kim</marcx:subfield></marcx:datafield><marcx:datafield tag="996" ind1="0" ind2="0"><marcx:subfield code="a">IDX</marcx:subfield></marcx:datafield><marcx:datafield tag="d08" ind1="0" ind2="0"><marcx:subfield code="o">jrp</marcx:subfield><marcx:subfield code="r">jrp</marcx:subfield></marcx:datafield><marcx:datafield tag="n01" ind1="0" ind2="0"><marcx:subfield code="a">e052a096</marcx:subfield><marcx:subfield code="b">000011</marcx:subfield></marcx:datafield><marcx:datafield tag="n55" ind1="0" ind2="0"><marcx:subfield code="a">20060102</marcx:subfield></marcx:datafield><marcx:datafield tag="s12" ind1="0" ind2="0"><marcx:subfield code="t">TeamAc200601</marcx:subfield></marcx:datafield><marcx:datafield tag="z99" ind1="0" ind2="0"><marcx:subfield code="a">jrp</marcx:subfield></marcx:datafield></marcx:record></marcx:collection><oss:openurl/><ln:links xmlns:ln="http://oss.dbc.dk/ns/links"><ln:link><ln:access>remote</ln:access><ln:accessType>rest</ln:accessType><ln:linkTo>webservice</ln:linkTo><ln:relationType>dbcaddi:hasOnlineAccess</ln:relationType><ln:url>[useraccessinfomedia]?action=getArticle&amp;faust=88761693&amp;libraryCode=[libraryCode]&amp;userId=[userId]&amp;userPinCode=[userPinCode]</ln:url><ln:collectionIdentifier>870971-anmeld</ln:collectionIdentifier></ln:link></ln:links><adminData><creationDate>2006-01-02</creationDate><libraryType>none</libraryType><indexingAlias>review</indexingAlias><accessType>physical</accessType><accessType>online</accessType><collectionIdentifier>870971-anmeld</collectionIdentifier></adminData></ting:container>